@misc{AIDSinfo,
 author = {UNAIDS},
 title = {{AIDSinfo}},
 url = {http://aidsinfo.unaids.org/},
 year = {2020}
}
@article{Rowley2019,
  author = {Rowley, Jane and Vander Hoorn, Stephen and Korenromp, Eline and Low, Nicola and Unemo, Magnus and Abu-Raddad, Laith J and Chico, R Matthew and Smolak, Alex and Newman, Lori and Gottlieb, Sami and Thwin, Soe Soe and Broutet, Nathalie and Taylor, Melanie M},
  url = {doi.org/10.2471/BLT.18.228486},
  journal = {Bull World Health Organ},
  number = {97},
  pages = {548--562},
  title = {Chlamydia, gonorrhoea, trichomoniasis and syphilis: global prevalence and incidence estimates, 2016},
  year = {2019}
}
@article{Mishra2014,
 author = {Mishra, Sharmistha and Pickles, Michael and Blanchard, James F and Moses, Stephen and Boily, Marie Claude},
 url = {doi.org/10.1136/sextrans-2013-051250},
 journal = {Sex Transm Infect},
 month = {feb},
 number = {1},
 pages = {19--25},
 title = {{Distinguishing sources of HIV transmission from the distribution of newly acquired HIV infections: Why is it important for HIV prevention planning?}},
 volume = {90},
 year = {2014}
}

